<?xml version="1.0" encoding="utf-8"?>
<record xmlns="http://www.loc.gov/MARC21/slim" xmlns:xsi="http://www.w3.org/2001/XMLSchema-instance" xsi:schemaLocation="http://www.loc.gov/MARC21/slim http://www.loc.gov/standards/marcxml/schema/MARC21slim.xsd">
	<leader>     nam a22     Mi 4500</leader>
	<controlfield tag="001">6237</controlfield>
	<controlfield tag="003">aeadna</controlfield>
	<controlfield tag="006">m        d        </controlfield>
	<controlfield tag="007">cr cn |||m|||a</controlfield>
	<controlfield tag="008">210727s19441950ua     fo    n001 p|ara|d</controlfield>
	<datafield ind1=" " ind2=" " tag="040">
		<subfield code="a">ZYU</subfield>
		<subfield code="b">ara</subfield>
		<subfield code="c">ZYU</subfield>
	</datafield>
	<datafield ind1="0" ind2=" " tag="041">
		<subfield code="a">ara</subfield>
	</datafield>
	<datafield ind1="1" ind2="0" tag="082">
		<subfield code="a">811.009</subfield>
		<subfield code="b">21</subfield>
	</datafield>
	<datafield ind1="0" ind2="4" tag="050">
		<subfield code="a">PJ7696.Z8</subfield>
		<subfield code="b">Z88 1944</subfield>
	</datafield>
	<datafield ind1=" " ind2=" " tag="066">
		<subfield code="c">(3</subfield>
	</datafield>
	<datafield ind1="0" ind2=" " tag="100">
		<subfield code="a">زهير بن أبي سلمى،</subfield>
		<subfield code="d">ت. 609م.</subfield>
	</datafield>
	<datafield ind1="1" ind2="0" tag="245">
		<subfield code="a">شرح ديوان زهير بن أبي سلمى</subfield>
		<subfield code="h">[electronic resource] /</subfield>
		<subfield code="c">صنعة أبي العباس أحمد بن يحيى بن زيد الشيباني ثعلب. [ويليه]شرح ديوان كعب بن زهير/</subfield>
		<subfield code="c">صنعة أبي سعيد الحسن بن الحسين بن عبيد الله السكري.</subfield>
	</datafield>
	<datafield ind1="3" ind2="0" tag="246">
		<subfield code="a">ديوان زهير بن أبي سلمى</subfield>
	</datafield>
	<datafield ind1="3" ind2="0" tag="246">
		<subfield code="a">شرح ديوان كعب بن زهير</subfield>
	</datafield>
	<datafield ind1="3" ind2="0" tag="246">
		<subfield code="a">ديوان كعب بن زهير</subfield>
	</datafield>
	<datafield ind1=" " ind2=" " tag="250">
		<subfield code="a">[ط.1]</subfield>
	</datafield>
	<datafield ind1=" " ind2=" " tag="260">
		<subfield code="a">القاهرة:</subfield>
		<subfield code="b">مطبعة دار الكتب المصرية،</subfield>
		<subfield code="c">1944م.</subfield>
	</datafield>
	<datafield ind1=" " ind2=" " tag="300">
		<subfield code="a">online resource (43، 460، د-غ، 289ص.؛)</subfield>
	</datafield>
	<datafield ind1=" " ind2=" " tag="490">
		<subfield code="a">دار الكتب المصرية: القسم الأدبي.</subfield>
	</datafield>
	<datafield ind1=" " ind2=" " tag="500">
		<subfield code="a">يضم هذ المجلد بين دفتيه شرحي : ديوان زهير بن أبي سلمى. ودوان كعب بن زهير.</subfield>
	</datafield>
	<datafield ind1=" " ind2=" " tag="500">
		<subfield code="a">&quot; كمل طبع شرح ديوان كعب بن زهير للسكري&quot; بمطبعة دار الكتب المصرية في يوم الخميس 16 ربيع الأول سنة 1369هـ (5 يناير سنة 1950م).</subfield>
	</datafield>
	<datafield ind1=" " ind2=" " tag="500">
		<subfield code="a">يتضمن كشافات وفهارس</subfield>
	</datafield>
	<datafield ind1=" " ind2=" " tag="500">
		<subfield code="a">تتضمن نسخة الكتاب طبعتين في مجلد واحد. ويتعلق الأمر بطبعتي 1944 و 1950.</subfield>
	</datafield>
	<datafield ind1=" " ind2=" " tag="500">
		<subfield code="a">نبذة من سيرة المؤلف  :   إمام الكوفيين في عهده، وثالث ثلاثة قامت على أعمالهم مدرسة الكوفة النحوية، العلامة المحدث، وإمام النحو، صاحب الفصيح والتصانيف، ولد ببغداد في السنة الثانية من خلافة المأمون وبها مات.</subfield>
	</datafield>
	<datafield ind1=" " ind2=" " tag="500">
		<subfield code="a">الكتاب &quot;هدية سمو الشيخ فالح بن ناصر آل ثاني إلى مكتبة مركز الوثائق والدراسات أبو ظبي&quot;</subfield>
	</datafield>
	<datafield ind1=" " ind2=" " tag="500">
		<subfield code="a">Part of the Arabic Collections Online (ACO) project, contributed by United Arab Emirates National Archives.</subfield>
	</datafield>
	<datafield ind1=" " ind2=" " tag="533">
		<subfield code="a">Electronic reproduction.</subfield>
		<subfield code="b">New York, N.Y. :</subfield>
		<subfield code="c">New York University,</subfield>
		<subfield code="d">2021.</subfield>
		<subfield code="5">NNU</subfield>
	</datafield>
	<datafield ind1="0" ind2="4" tag="600">
		<subfield code="a">زهير بن أبي سلمى،</subfield>
		<subfield code="d">ت. 609</subfield>
		<subfield code="v">دواوين وقصائد.</subfield>
	</datafield>
	<datafield ind1="0" ind2="4" tag="600">
		<subfield code="a">كعب بن زهير،</subfield>
		<subfield code="d">ت.646م.</subfield>
		<subfield code="v">دواوين وقصائد.</subfield>
	</datafield>
	<datafield ind1=" " ind2="4" tag="650">
		<subfield code="a">الشعر العربي</subfield>
		<subfield code="x">تاريخ ونقد.</subfield>
	</datafield>
	<datafield ind1=" " ind2="4" tag="650">
		<subfield code="a">الشعر العربي</subfield>
		<subfield code="v">دواوين وقصائد</subfield>
	</datafield>
	<datafield ind1="1" ind2=" " tag="700">
		<subfield code="a">ثعلب، أحمد بن يحيى،</subfield>
		<subfield code="d">815-904 م.</subfield>
		<subfield code="e">شارح</subfield>
	</datafield>
	<datafield ind1="1" ind2=" " tag="700">
		<subfield code="a">السكري، أبو سعيد الحسن بن الحسين،</subfield>
		<subfield code="d">827 أو 828-888أو 889.</subfield>
		<subfield code="t">شرح ديوان كعب بن زهير</subfield>
	</datafield>
	<datafield ind1="0" ind2=" " tag="700">
		<subfield code="a">زهير بن أبي سلمى،</subfield>
		<subfield code="d">ت. 609</subfield>
		<subfield code="t">الديوان</subfield>
	</datafield>
	<datafield ind1="0" ind2=" " tag="700">
		<subfield code="a">كعب بن زهير،</subfield>
		<subfield code="d">ت.646م.</subfield>
		<subfield code="t">الديوان.</subfield>
	</datafield>
	<datafield ind1="2" ind2=" " tag="710">
		<subfield code="a">Abu Dhabi (United Arab Emirates).</subfield>
		<subfield code="b">National Archives.</subfield>
	</datafield>
	<datafield ind1="0" ind2=" " tag="730">
		<subfield code="a">Arabic Collections Online.</subfield>
	</datafield>
	<datafield ind1="0" ind2="8" tag="776">
		<subfield code="i">Print version:</subfield>
		<subfield code="a">زهير بن أبي سلمى، ت. 609م.</subfield>
		<subfield code="t">شرح ديوان زهير بن أبي سلمى</subfield>
		<subfield code="w">(aeadna)6237</subfield>
	</datafield>
	<datafield ind1="4" ind2="0" tag="856">
		<subfield code="u">http://hdl.handle.net/2333.1/gb5mkxcb</subfield>
	</datafield>
	<datafield ind1=" " ind2=" " tag="949">
		<subfield code="a">811.009 ث غ ش ر</subfield>
		<subfield code="w">DDC</subfield>
		<subfield code="i">30018000000605</subfield>
		<subfield code="u">06/22/2003</subfield>
		<subfield code="d">09/06/2010</subfield>
		<subfield code="n">0</subfield>
		<subfield code="t">RAR</subfield>
		<subfield code="l">av</subfield>
		<subfield code="m">MAIN</subfield>
		<subfield code="x">RAR</subfield>
	</datafield>
	<datafield ind1=" " ind2=" " tag="959">
		<subfield code="a">NNU</subfield>
		<subfield code="b">WEB</subfield>
		<subfield code="c">GENI</subfield>
		<subfield code="t">0</subfield>
		<subfield code="m">Electronic access</subfield>
		<subfield code="s">01</subfield>
	</datafield>
	<datafield ind1=" " ind2=" " tag="999">
		<subfield code="i">aeadna_6237</subfield>
		<subfield code="s">uaena_aco000019:1</subfield>
		<subfield code="s">uaena_aco000066:1</subfield>
		<subfield code="e">(ERROR-880)(ERROR-SERIES)</subfield>
	</datafield>
</record>
